
@article{martel2015flutterpert,
  title={Flutter amplitude saturation by nonlinear friction forces: Reduced model verification},
  author={Martel, Carlos and Corral, Roque and Ivaturi, Rahul},
  journal={Journal of Turbomachinery},
  volume={137},
  number={4},
  year={2015},
  publisher={American Society of Mechanical Engineers Digital Collection}
}

@article{olofsson1995cyclic,
  title={Cyclic micro-slip under unlubricated conditions},
  author={Olofsson, Ulf},
  journal={Tribology International},
  volume={28},
  number={4},
  pages={207--217},
  year={1995},
  publisher={Elsevier}
}

@book{bender2013advanced,
  title={Advanced mathematical methods for scientists and engineers I: Asymptotic methods and perturbation theory},
  author={Bender, Carl M and Orszag, Steven A},
  year={2013},
  publisher={Springer Science \& Business Media}
}

@article{martel2013flutter,
  title={Flutter amplitude saturation by nonlinear friction forces: an asymptotic approach},
  author={Martel, C and Corral, R},
  booktitle={ASME Turbo Expo 2013: Turbine Technical Conference and Exposition},
  year={2013},
  organization={American Society of Mechanical Engineers Digital Collection}
}

@article{gross2020multi,
  title={Multi-Wave Vibration Caused by Flutter Instability and Nonlinear Tip-Shroud Friction},
  author={Gross, Johann and Krack, Malte},
  journal={Journal of Engineering for Gas Turbines and Power},
  volume={142},
  number={2},
  year={2020},
  publisher={American Society of Mechanical Engineers Digital Collection}
}

@article{collar1946expanding,
  title={The expanding domain of aeroelasticity},
  author={Collar, AR},
  journal={The Aeronautical Journal},
  volume={50},
  number={428},
  pages={613--636},
  year={1946},
  publisher={Cambridge University Press}
}

@article{doedel2007auto,
  title={AUTO-07P: Continuation and bifurcation software for ordinary differential equations},
  author={Doedel, Eusebius J and Champneys, Alan R and Dercole, Fabio and Fairgrieve, TF and Kuznetsov, Yu A and Oldeman, B and Paffenroth, RC and Sandstede, B and Wang, XJ and Zhang, CH},
  year={2007}
}
