@book{strogatz2018nonlinear,
  title={Nonlinear dynamics and chaos: with applications to physics, biology, chemistry, and engineering},
  author={Strogatz, Steven H},
  year={2018},
  publisher={CRC Press}
}

@book{hale2012dynamics,
  title={Dynamics and bifurcations},
  author={Hale, Jack K and Ko{\c{c}}ak, H{\"u}seyin},
  volume={3},
  year={2012},
  publisher={Springer Science \& Business Media}
}


@book{simmons2016differential,
  title={Differential equations with applications and historical notes},
  author={Simmons, George F},
  year={2016},
  publisher={CRC Press}
}

@article{martel2015flutterpert,
  title={Flutter amplitude saturation by nonlinear friction forces: Reduced model verification},
  author={Martel, Carlos and Corral, Roque and Ivaturi, Rahul},
  journal={Journal of Turbomachinery},
  volume={137},
  number={4},
  year={2015},
  publisher={American Society of Mechanical Engineers Digital Collection}
}

@article{olofsson1995cyclic,
  title={Cyclic micro-slip under unlubricated conditions},
  author={Olofsson, Ulf},
  journal={Tribology International},
  volume={28},
  number={4},
  pages={207--217},
  year={1995},
  publisher={Elsevier}
}

@article{khemiri2014forced,
  title={Forced response of mistuned bladed disks: quantitative validation of the asymptotic description},
  author={Khemiri, Oualid and Martel, Carlos and Corral, Roque},
  journal={Journal of Propulsion and Power},
  volume={30},
  number={2},
  pages={397--406},
  year={2014},
  publisher={American Institute of Aeronautics and Astronautics}
}

@article{martel2017maximum,
  title={Maximum mistuning amplification of the forced response vibration of turbomachinery rotors in the presence of aerodynamic damping},
  author={Martel, Carlos and S{\'a}nchez-{\'A}lvarez, JJ},
  journal={Journal of Sound and Vibration},
  volume={397},
  pages={108--122},
  year={2017},
  publisher={Elsevier}
}


